1967 2975
297 60 409 93 .,,

213 166 524 247 στεποπτκπντε
558 170 599 236 v,
617 178 645 235 ς.
759 167 812 236 165

50 270 106 349 κάν
126 284 259 368 πράξεων,
284 290 406 357 καὶτοῖς
423 294 471 367 μὲν
491 293 713 399 στρατοπίὺοις”
698 299 813 371 επαρχσν

50 372 224 445 ἐπιστῆσαι’
209 376 339 451 ορχηστήν
352 396 411 434 τινα
422 380 567 453 γεγονότα,
594 398 641 435 και
631 379 775 480 ὑημσσίρι
785 382 813 436 ἐν

49 460 88 532 τῷ
102 456 242 532 Ῥωμαίων
259 457 408 565 θεάτρρι’
392 464 589 536 ορχησάμενον,
622 457 667 518 ὅτε
689 450 722 532 ἦν
745 464 812 528 νόος

51 515 135 599 πάλιν
149 540 206 597 55‘'
191 560 279 621 ετερον
292 541 389 617 ὁμοίως
401 548 447 615 τῆς
459 547 557 615 σκηνῆς
569 547 722 619 βαστάσας,
748 568 807 602 παι-

52 624 173 689 osiae*
139 642 190 680 των
202 626 266 681 νέων
286 626 332 683 καί
350 621 506 699 εὐκοσμίας,
533 630 580 701 τῆς
596 648 624 684 τε
644 625 813 697 ὑποστάσεως

51 712 97 798 τῆς
111 701 148 772 εἷς
159 710 209 779 τήν
227 708 375 785 σὺγκλητσν
392 708 537 781 Bovl5u'¹
519 734 536 780 η
549 714 580 769 τό
597 710 708 770 ἱππικόν
721 717 823 789 τάγμα·

37 792 294 865 ’κατατασσσμόνων
305 795 482 869 προέστησεν·
494 790 611 866 ηνιόχοις
622 817 650 853 τε
662 797 708 853 και
721 819 812 872 κωμρι-
892 852 894 857 .

50 877 110 942 ὑσίς
122 873 171 947 καί
185 872 310 949 μίμων
296 882 454 951 ὑποκριταῖς
466 880 514 942 τάς
529 880 704 953 μεγίστας”
670 900 722 936 των
733 882 812 953 βασι-

48 964 128 1019 λείων
145 959 260 1017 πίστεων
275 961 425 1035 ἐνεχείρισε
454 964 511 1025 τοῒς
529 959 557 1016 ὑό
577 960 812 1033 5055015‘551055
886 988 888 995 ·

49 1044 257 1119 ἆπελευθόροες,
285 1042 319 1107 ὧς
335 1042 425 1113 ἔτυχεν
443 1045 564 1109 ἑκάστοις
580 1040 621 1101 ἐπ’
640 1042 741 1120 αῗσχρῷ
760 1044 812 1103 τινί

48 1124 261 1201 εὐδοκιμήσασα,
286 1126 335 1191 τάς
352 1126 482 1193 ὑπατικάς
495 1131 548 1184 τῶν
559 1130 648 1186 ἐθνῶν
665 1130 809 1205 ἐνεχείρισε.

112 1215 142 1270 8.
162 1212 279 1269 Πάντων
299 1206 381 1268 όί”
347 1232 417 1268 ουτω
434 1212 485 1267 τῶν
501 1212 585 1267 πάλαι
604 1210 755 1268 δοκούντων
767 1233 811 1269 σε·
827 1227 841 1317 5

48 1297 122 1370 μνῶν
135 1292 172 1359 εἷς
183 1290 264 1400 ὕβριν
275 1295 321 1353 καί
334 1296 479 1370 παροινίαν
496 1296 768 1399 ἐκρόεβακχευμένων,
784 1294 832 1364 οὑξ
895 1323 901 1330 ’

48 1402 75 1439 τε
93 1374 173 1436 άλλοι
190 1380 285 1444 πάντες
303 1370 462 1455 άνθρωποι,
486 1400 534 1435 και
523 1376 713 1452 μάλισταε
685 1398 713 1434 οι
730 1398 830 1460 στρα-
823 1368 830 1429 5
866 1394 876 1404 “

49 1465 154 1534 τιῶται,
180 1456 300 1533 ἤχθοντο
319 1483 366 1520 και
356 1460 561 1539 ἐόυςρόρουν·
585 1464 767 1538 ἐμυσάττοντο
781 1462 810 1520 55
883 1464 886 1473 '

48 1545 148 1616 αὑτόν,
177 1546 286 1624 ὁρῶντες
308 1547 340 1602 τό
357 1548 406 1620 μὲν
423 1550 564 1650 πρόςωπρν
582 1549 810 1620 καλλωπιζόμενον

48 1628 278 1710 περεεργότερον“
261 1653 278 1700 5
291 1633 360 1686 κατά
373 1635 490 1704 γυναῖκα
504 1632 640 1702 σώφρονα,
654 1628 808 1706 περιδεραί-

48 1737 87 1782 οις
101 1716 131 1772 55
142 1711 294 1790 χρυσίνοις,
318 1713 418 1784 ἐσθῆτί
429 1734 457 1770 τε
478 1711 595 1776 άπαλαῒς
610 1711 747 1790 άνάνόρως
764 1731 808 1768 κο·

48 1797 214 1878 σμοὺμενονῖ,
237 1793 404 1874 ὀρχούμενόν
424 1817 452 1854 τε
471 1792 556 1862 οὑτως
573 1795 606 1862 ὥς
629 1795 808 1854 ὑπόπάκτων

48 1885 184 1958 ὁρᾶσθαι.
208 1883 427 1958 ἐπιρῤεπεστέρας
443 1881 536 1938 τοίνυν
552 1881 600 1946 τάς
616 1879 727 1954 γνώμας
741 1881 810 1957 πρός

48 1970 95 2026 τόν
103 1963 272 2042 ,Ἀλέξανδρον
285 1959 364 2036 εἶχεν,
379 1965 426 2022 καί
438 1964 548 2027 ἐλπίδας
559 1965 694 2044 κρείττους
705 1968 734 2020 ἐν
745 1984 810 2019 παι·
895 2011 899 2017 .

48 2052 75 2109 55
93 2049 211 2123 κοσμίως
229 2049 275 2106 καί
298 2046 480 2124 σωφρόνως’
462 2048 675 2122 ανατρεφσμένῳ.
705 2045 808 2122 ἐφρού-

48 2155 116 2210 ρουν
129 2153 159 2190 τε
171 2129 255 2189 αὑτόν
268 2133 415 2200 παντοίως,
443 2132 554 2235 ὁρῶντες
566 2125 821 2204 ἐπιβουλευόμενον

49 2219 100 2277 ὑπό
112 2237 165 2277 που
148 2212 377 2274 ”Ἇντωνίνου.”
357 2237 375 2288 5
389 2237 416 2273 τε
430 2216 518 2290 μήτηρ
530 2207 720 2289 Μαμμαία”
684 2233 747 2270 συτε
759 2235 810 2270 πο-
899 2273 909 2285 ,

48 2306 93 2359 τόν
112 2295 176 2358 οὑτε
193 2299 323 2375 ἐόάιὺιμόν
333 2321 366 2356 τι
382 2303 423 2358 εἴα
437 2303 484 2358 τόν
497 2294 590 2355 παῖόα
607 2301 823 2400 προςρίρεσθαι

48 2407 99 2444 των
123 2383 162 2442 ὑπ
160 2380 296 2441 ’ἐκείνου
312 2387 508 2458 πεμπομένων·
537 2379 685 2457 όψοποιοῖς
704 2401 733 2436 τε
761 2376 813 2437 καί
881 2409 893 2416 -

48 2467 210 2574 οἶνοχόρις“
193 2491 209 2524 ο
222 2472 287 2540 παῖς
299 2471 393 2542 ἐχρῆτο
406 2463 440 2523 05
457 2469 516 2532 τοῖς
534 2467 695 2538 βασιλικοῖς,
722 2461 768 2520 καί
779 2466 809 2518 ἐν

49 2553 128 2660 κοινῇ
143 2553 276 2629 ὑπηρεσίᾳ
296 2552 486 2627 τυγχάνουσιν,
520 2547 587 2605 άλλά
609 2550 666 2611 τοῖς
684 2544 737 2604 ὑπό
762 2548 809 2617 τῆς

50 2639 146 2717 οητρός
159 2639 325 2718 ἐπιλεχθεῖσα
331 2676 341 2705 ,
367 2635 538 2698 πιστοτάτοις
549 2648 578 2688 τε
590 2625 660 2688 εἶναι
672 2620 808 2693 όυκοὺσιν.
